@article{DBLP:journals/corr/abs-1712-01275,
  author    = {Shangtong Zhang and
               Richard S. Sutton},
  title     = {A Deeper Look at Experience Replay},
  journal   = {CoRR},
  volume    = {abs/1712.01275},
  year      = {2017},
  url       = {http://arxiv.org/abs/1712.01275},
  archivePrefix = {arXiv},
  eprint    = {1712.01275},
  timestamp = {Wed, 03 Jan 2018 12:33:17 +0100},
  biburl    = {https://dblp.org/rec/bib/journals/corr/abs-1712-01275},
  bibsource = {dblp computer science bibliography, https://dblp.org}
}

@article{DBLP:journals/corr/MnihKSGAWR13,
  author    = {Volodymyr Mnih and
               Koray Kavukcuoglu and
               David Silver and
               Alex Graves and
               Ioannis Antonoglou and
               Daan Wierstra and
               Martin A. Riedmiller},
  title     = {Playing Atari with Deep Reinforcement Learning},
  journal   = {CoRR},
  volume    = {abs/1312.5602},
  year      = {2013},
  url       = {http://arxiv.org/abs/1312.5602},
  archivePrefix = {arXiv},
  eprint    = {1312.5602},
  timestamp = {Wed, 07 Jun 2017 14:43:06 +0200},
  biburl    = {https://dblp.org/rec/bib/journals/corr/MnihKSGAWR13},
  bibsource = {dblp computer science bibliography, https://dblp.org}
}

@article{DBLP:journals/corr/LampleC16,
  author    = {Guillaume Lample and
               Devendra Singh Chaplot},
  title     = {Playing {FPS} Games with Deep Reinforcement Learning},
  journal   = {CoRR},
  volume    = {abs/1609.05521},
  year      = {2016},
  url       = {http://arxiv.org/abs/1609.05521},
  archivePrefix = {arXiv},
  eprint    = {1609.05521},
  timestamp = {Wed, 07 Jun 2017 14:41:45 +0200},
  biburl    = {https://dblp.org/rec/bib/journals/corr/LampleC16},
  bibsource = {dblp computer science bibliography, https://dblp.org}
}

@article{DBLP:journals/corr/HasseltGS15,
  author    = {Hado van Hasselt and
               Arthur Guez and
               David Silver},
  title     = {Deep Reinforcement Learning with Double Q-learning},
  journal   = {CoRR},
  volume    = {abs/1509.06461},
  year      = {2015},
  url       = {http://arxiv.org/abs/1509.06461},
  archivePrefix = {arXiv},
  eprint    = {1509.06461},
  timestamp = {Wed, 07 Jun 2017 14:40:43 +0200},
  biburl    = {https://dblp.org/rec/bib/journals/corr/HasseltGS15},
  bibsource = {dblp computer science bibliography, https://dblp.org}
}

@article{DBLP:journals/corr/HausknechtS15,
  author    = {Matthew J. Hausknecht and
               Peter Stone},
  title     = {Deep Recurrent Q-Learning for Partially Observable MDPs},
  journal   = {CoRR},
  volume    = {abs/1507.06527},
  year      = {2015},
  url       = {http://arxiv.org/abs/1507.06527},
  archivePrefix = {arXiv},
  eprint    = {1507.06527},
  timestamp = {Wed, 07 Jun 2017 14:42:20 +0200},
  biburl    = {https://dblp.org/rec/bib/journals/corr/HausknechtS15},
  bibsource = {dblp computer science bibliography, https://dblp.org}
}

@article{DBLP:journals/corr/WangFL15,
  author    = {Ziyu Wang and
               Nando de Freitas and
               Marc Lanctot},
  title     = {Dueling Network Architectures for Deep Reinforcement Learning},
  journal   = {CoRR},
  volume    = {abs/1511.06581},
  year      = {2015},
  url       = {http://arxiv.org/abs/1511.06581},
  archivePrefix = {arXiv},
  eprint    = {1511.06581},
  timestamp = {Tue, 08 Aug 2017 15:06:57 +0200},
  biburl    = {https://dblp.org/rec/bib/journals/corr/WangFL15},
  bibsource = {dblp computer science bibliography, https://dblp.org}
}

@article{DBLP:journals/corr/PlappertHDSCCAA17,
  author    = {Matthias Plappert and
               Rein Houthooft and
               Prafulla Dhariwal and
               Szymon Sidor and
               Richard Y. Chen and
               Xi Chen and
               Tamim Asfour and
               Pieter Abbeel and
               Marcin Andrychowicz},
  title     = {Parameter Space Noise for Exploration},
  journal   = {CoRR},
  volume    = {abs/1706.01905},
  year      = {2017},
  url       = {http://arxiv.org/abs/1706.01905},
  archivePrefix = {arXiv},
  eprint    = {1706.01905},
  timestamp = {Mon, 03 Jul 2017 13:29:02 +0200},
  biburl    = {https://dblp.org/rec/bib/journals/corr/PlappertHDSCCAA17},
  bibsource = {dblp computer science bibliography, https://dblp.org}
}

@article{DBLP:journals/corr/SchaulQAS15,
  author    = {Tom Schaul and
               John Quan and
               Ioannis Antonoglou and
               David Silver},
  title     = {Prioritized Experience Replay},
  journal   = {CoRR},
  volume    = {abs/1511.05952},
  year      = {2015},
  url       = {http://arxiv.org/abs/1511.05952},
  archivePrefix = {arXiv},
  eprint    = {1511.05952},
  timestamp = {Wed, 07 Jun 2017 14:42:32 +0200},
  biburl    = {https://dblp.org/rec/bib/journals/corr/SchaulQAS15},
  bibsource = {dblp computer science bibliography, https://dblp.org}
}